@misc{cisco_2017, title={Baseline Process Best Practices White Paper}, url={https://www.cisco.com/c/en/us/support/docs/availability/high-availability/15112-HAS-baseline.html}, journal={Cisco}, publisher={Cisco}, year={2017}, month={May}}

@misc{epstein_2017, title={Deep packet inspection is dead, and here's why}, url={https://security.ias.edu/deep-packet-inspection-dead-and-heres-why}, journal={Deep packet inspection is dead, and here's why | IAS Security}, publisher={Institute for Advanced Study (IAS) Network Security}, author={Epstein, Brian}, year={2017}, month={Jun}}

@inbook{doi:10.1137/1.9781611972733.3,
author = {Aleksandar Lazarevic and Levent Ertoz and Vipin Kumar and Aysel Ozgur and Jaideep Srivastava},
title = {A Comparative Study of Anomaly Detection Schemes in Network Intrusion Detection},
booktitle = {Proceedings of the 2003 SIAM International Conference on Data Mining},
chapter = {},
pages = {25-36},
doi = {10.1137/1.9781611972733.3},
URL = {https://epubs.siam.org/doi/abs/10.1137/1.9781611972733.3},
eprint = {https://epubs.siam.org/doi/pdf/10.1137/1.9781611972733.3}
}

@INPROCEEDINGS{7033254, 
author={T. {Cejka} and Z. {Rosa} and H. {Kubatova}}, 
booktitle={2014 IEEE 19th International Workshop on Computer Aided Modeling and Design of Communication Links and Networks (CAMAD)}, 
title={Stream-wise detection of surreptitious traffic over DNS}, 
year={2014}, 
volume={}, 
number={}, 
pages={300-304}, 
keywords={computer network security;data structures;Internet;stream-wise detection;surreptitious traffic;domain name system;computer network;security policies;data transfer;DNS infrastructure;communication tunnel detection;statistical analysis;application layer information;stream-wise processing;DNS data;backbone networks;detection module;extended data structures;production network;DNS tunnels;Monitoring;Protocols;Servers;Data structures;Tunneling;Real-time systems;Probes}, 
doi={10.1109/CAMAD.2014.7033254}, 
ISSN={2378-4865}, 
month={Dec},}

@ARTICLE{1212675, 
author={M. Thottan and Chuanyi Ji}, 
journal={IEEE Transactions on Signal Processing}, 
title={Anomaly detection in IP networks}, 
year={2003}, 
volume={51}, 
number={8}, 
pages={2191-2204}, 
keywords={adaptive signal processing;autoregressive processes;eigenvalues and eigenfunctions;statistical analysis;telecommunication network reliability;IP networks;abrupt change detection;anomaly detection;reliability;statistical signal processing technique;Artificial intelligence;Communication system traffic control;IP networks;Intelligent networks;Machine learning;Network synthesis;Probes;Protocols;Signal processing;Signal synthesis}, 
doi={10.1109/TSP.2003.814797}, 
ISSN={1053-587X}, 
month={Aug},}

@article{PALMIERI2010737,
title = {Network anomaly detection through nonlinear analysis},
journal = {Computers \& Security},
volume = {29},
number = {7},
pages = {737 - 755},
year = {2010},
issn = {0167-4048},
doi = {https://doi.org/10.1016/j.cose.2010.05.002},
url = {http://www.sciencedirect.com/science/article/pii/S0167404810000362},
author = {Francesco Palmieri and Ugo Fiore},
keywords = {Anomaly detection, Recurrence quantification analysis, Nonlinear analysis, Non-stationarity, Support-vector machines}
}
